@misc{PDFSignals,
    title = {{(PDF) Template-Based Vibrato Analysis of Music Signals}},
    url = {https://www.researchgate.net/publication/305495883_Template-Based_Vibrato_Analysis_of_Music_Signals}
}

@misc{26bcda23-d62e-0582-9074-45d93ab6488e.pdf,
    title = {{26bcda23-d62e-0582-9074-45d93ab6488e.pdf}}
}

@article{Malham19953-DTechniques,
    title = {{3-D sound spatialization using ambisonic techniques}},
    year = {1995},
    journal = {Computer Music Journal},
    author = {Malham, David G. and Myatt, Anthony},
    number = {4},
    pages = {58--70},
    volume = {19},
    publisher = {MIT Press},
    doi = {10.2307/3680991},
    issn = {01489267}
}

@inproceedings{Junath2012AIAAS,
    title = {{A Cloud service and conceptual modeling of IAAS}},
    year = {2012},
    booktitle = {IET Chennai 3rd International on Sustainable Energy and Intelligent Systems (SEISCON 2012)},
    author = {Junath, N and Shanmugarathinam, G},
    pages = {1--4},
    isbn = {VO  -},
    doi = {10.1049/cp.2012.2193},
    keywords = {Conceptual Modeling, IAAS, IAAS Modeling, UML, UML tool, Unified Modeling Language, cloud computing, cloud provider, cloud service, conceptual modeling, infrastructure as a service}
}

@inproceedings{Moonasar2001ASystems,
    title = {{A committee of neural networks for automatic speaker recognition (ASR) systems}},
    year = {2001},
    booktitle = {Proceedings of the International Joint Conference on Neural Networks},
    author = {Moonasar, V. and Venayagamoorthy, G. K.},
    pages = {2936--2940},
    volume = {4},
    doi = {10.1109/ijcnn.2001.938844}
}

@book{Cooke2008AMusic,
    title = {{A history of film music}},
    year = {2008},
    author = {Cooke, Mervyn},
    publisher = {Cambridge University Press},
    isbn = {1316264866}
}

@article{Zhang2017AVibrato,
    title = {{A Matlab-Based Signal Processing Toolbox for the Characterization and Analysis of Musical Vibrato}},
    year = {2017},
    journal = {Journal of the Audio Engineering Society},
    author = {Zhang, Mingfeng and Lu, Hengwei and Ren, Gang and Smith, Sarah and Beauchamp, James and Bocko, Mark},
    number = {5},
    month = {5},
    pages = {408--422},
    volume = {65},
    publisher = {Audio Engineering Society},
    url = {http://www.aes.org/e-lib/browse.cfm?elib=18734},
    doi = {10.17743/jaes.2017.0010},
    issn = {15494950}
}

@article{Zhang2017AVibratob,
    title = {{A Matlab-Based Signal Processing Toolbox for the Characterization and Analysis of Musical Vibrato}},
    year = {2017},
    journal = {Journal of the Audio Engineering Society},
    author = {Zhang, Mingfeng and Lu, Hengwei and Ren, Gang and Smith, Sarah and Beauchamp, James and Bocko, Mark},
    number = {5},
    month = {5},
    pages = {408--422},
    volume = {65},
    publisher = {Audio Engineering Society},
    url = {http://www.aes.org/e-lib/browse.cfm?elib=18734},
    doi = {10.17743/jaes.2017.0010},
    issn = {15494950}
}

@techreport{YuARECOGNITION,
    title = {{A MINIMUM-MEAN-SQUARE-ERROR NOISE REDUCTION ALGORITHM ON MEL-FREQUENCY CEPSTRA FOR ROBUST SPEECH RECOGNITION}},
    author = {Yu, Dong and Deng, Li and Droppo, Jasha and Wu, Jian and Gong, Yifan and Acero, Alex},
    keywords = {Index Terms-MMSE Estimator, MFCC, Noise Reduction, Robust ASR, Speech Feature Enhancement}
}

@article{Armstrong2018ADatabase,
    title = {{A Perceptual Evaluation of Individual and Non-Individual HRTFs: A Case Study of the SADIE II Database}},
    year = {2018},
    journal = {Applied Sciences},
    author = {Armstrong, Cal and Thresh, Lewis and Murphy, Damian and Kearney, Gavin},
    number = {11},
    month = {10},
    pages = {2029},
    volume = {8},
    url = {http://www.mdpi.com/2076-3417/8/11/2029},
    doi = {10.3390/app8112029},
    issn = {2076-3417}
}

@article{Jia2017ASparsity,
    title = {{A Psychoacoustic-Based Multiple Audio Object Coding Approach via Intra-Object Sparsity}},
    year = {2017},
    journal = {Applied Sciences},
    author = {Jia, Maoshen and Zhang, Jiaming and Bao, Changchun and Zheng, Xiguang},
    number = {12},
    month = {12},
    pages = {1301},
    volume = {7},
    publisher = {MDPI AG},
    url = {http://www.mdpi.com/2076-3417/7/12/1301},
    doi = {10.3390/app7121301},
    issn = {2076-3417},
    keywords = {Audio object coding, Multi-channel audio coding, Psychoacoustic model, Sparsity}
}

@article{Armbrust2010AComputing,
    title = {{A view of cloud computing}},
    year = {2010},
    journal = {Communications of the ACM},
    author = {Armbrust, Michael and Fox, Armando and Griffith, Rean and Joseph, Anthony D. and Katz, Randy and Konwinski, Andy and Lee, Gunho and Patterson, David and Rabkin, Ariel and Stoica, Ion and Zaharia, Matei},
    number = {4},
    month = {4},
    pages = {50--58},
    volume = {53},
    url = {http://portal.acm.org/citation.cfm?doid=1721654.1721672},
    doi = {10.1145/1721654.1721672},
    issn = {00010782}
}

@book{YaoADAPTATIONRECOGNITION,
    title = {{ADAPTATION OF CONTEXT-DEPENDENT DEEP NEURAL NETWORKS FOR AUTOMATIC SPEECH RECOGNITION}},
    author = {Yao, Kaisheng and Yu, Dong and Seide, Frank and Su, Hang and Deng, Li and Gong, Yifan},
    isbn = {9781467351263},
    keywords = {HMM, Index Terms-Context-Dependent Deep-Neural-Networks, speaker adaptation, speech recognition}
}

@techreport{ChakrabortyAdvantagesFilter,
    title = {{Advantages of Blackman Window over Hamming Window Method for designing FIR Filter}},
    author = {Chakraborty, Subhadeep},
    keywords = {Blackman window, FIR filter, Hamming window, Realization, coefficient}
}

@misc{AmazonServices,
    title = {{Amazon AppFlow – Amazon Web Services}},
    url = {https://aws.amazon.com/appflow/?nc2=h_ql_prod_ap_af}
}

@misc{AmazonEC2,
    title = {{Amazon EC2}},
    url = {https://aws.amazon.com/ec2/}
}

@misc{AmazonServicesb,
    title = {{Amazon Elastic Block Store (EBS) - Amazon Web Services}},
    url = {https://aws.amazon.com/ebs/?nc2=h_ql_prod_st_ebs&ebs-whats-new.sort-by=item.additionalFields.postDateTime&ebs-whats-new.sort-order=desc}
}

@misc{AmazonStorage,
    title = {{Amazon Elastic File System (EFS) | Cloud File Storage}},
    url = {https://aws.amazon.com/efs/?nc2=h_ql_prod_st_efs}
}

@misc{AmbisonicsWaves,
    title = {{Ambisonics Explained: A Guide for Sound Engineers | Waves}},
    url = {https://www.waves.com/ambisonics-explained-guide-for-sound-engineers}
}

@misc{AmbiXMatthiaskronlachner.com,
    title = {{ambiX v0.2.10 – Ambisonic plug-in suite | matthiaskronlachner.com}},
    url = {http://www.matthiaskronlachner.com/?p=2015}
}

@techreport{Wiggins2004ANFIELDS,
    title = {{AN INVESTIGATION INTO THE REAL-TIME MANIPULATION AND CONTROL OF THREE-DIMENSIONAL SOUND FIELDS}},
    year = {2004},
    author = {Wiggins, Bruce}
}

@inproceedings{Seltzer2013AnRecognition,
    title = {{An investigation of deep neural networks for noise robust speech recognition}},
    year = {2013},
    booktitle = {ICASSP, IEEE International Conference on Acoustics, Speech and Signal Processing - Proceedings},
    author = {Seltzer, Michael L. and Yu, Dong and Wang, Yongqiang},
    month = {10},
    pages = {7398--7402},
    isbn = {9781479903566},
    doi = {10.1109/ICASSP.2013.6639100},
    issn = {15206149},
    keywords = {Aurora 4, adaptive training, deep neural network, noise robustness}
}

@techreport{Tyagi2017ANALYSISPROCESSOR,
    title = {{ANALYSIS OF IMPLEMENTING DIGITAL FIR FILTER (USING VARIOUS WINDOWS) ON DSP PROCESSOR}},
    year = {2017},
    booktitle = {INTERNATIONAL JOURNAL OF RESEARCH REVIEW IN ENGINEERING SCIENCE {\&} TECHNOLOGY},
    author = {Tyagi, Avi and Gautam, A K},
    number = {1}
}

@techreport{KumarRahiAnalysisTechniques,
    title = {{Analysis of Power Spectrum Estimation Using Welch Method for Various Window Techniques}},
    booktitle = {International Journal of Emerging Technologies and Engineering},
    author = {Kumar Rahi, Pranay and Mehra, Rajesh and Scholar, Me and Professor, Associate},
    keywords = {DSP, FFT, FIR, MAC, PSD, PSE, Welch Method}
}

@techreport{JaitlyApplicationRecognition,
    title = {{Application of Pretrained Deep Neural Networks to Large Vocabulary Speech Recognition}},
    author = {Jaitly, Navdeep and Nguyen, Patrick and Senior, Andrew and Vanhoucke, Vincent},
    keywords = {ANN/HMM, Acoustic Model-ing, Artificial Neural Network, Index Terms: Deep Belief Networks}
}

@book{Kavis2014ArchitectingCloud,
    title = {{Architecting The Cloud}},
    shorttitle = {Architecting the Cloud},
    year = {2014},
    booktitle = {Architecting The Cloud},
    author = {Kavis, Michael J},
    pages = {204},
    publisher = {John Wiley {\&} Sons},
    url = {https://books.google.co.uk/books?id=NcrDAgAAQBAJ},
    isbn = {978-1-118-82646-1},
    doi = {10.1002/9781118691779},
    keywords = {Computers / General},
    language = {en}
}

@misc{AudioLabsSignals,
    title = {{AudioLabs - Template-Based Vibrato Analysis of Music Signals}},
    url = {https://www.audiolabs-erlangen.de/resources/MIR/2016-ISMIR-Vibrato}
}

@article{Brungart1999AuditoryFunctions,
    title = {{Auditory localization of nearby sources. Head-related transfer functions}},
    year = {1999},
    journal = {The Journal of the Acoustical Society of America},
    author = {Brungart, Douglas S. and Rabinowitz, William M.},
    number = {3},
    month = {9},
    pages = {1465--1479},
    volume = {106},
    publisher = {Acoustical Society of America (ASA)},
    url = {http://asa.scitation.org/doi/10.1121/1.427180},
    doi = {10.1121/1.427180},
    issn = {0001-4966},
    pmid = {10489704},
    keywords = {hearing}
}

@techreport{Kearney2010AuditoryReproduction,
    title = {{Auditory Scene Synthesis using Virtual Acoustic Recording and Reproduction}},
    year = {2010},
    author = {Kearney, Gavin and Margaret, For}
}

@article{Manfredi2015AutomaticSingers,
    title = {{Automatic Assessment of Acoustic Parameters of the Singing Voice: Application to Professional Western Operatic and Jazz Singers}},
    year = {2015},
    journal = {Journal of Voice},
    author = {Manfredi, Claudia and Barbagallo, Davide and Baracca, Giovanna and Orlandi, Silvia and Bandini, Andrea and Dejonckere, Philippe H.},
    number = {4},
    month = {7},
    pages = {1--517},
    volume = {29},
    publisher = {Mosby Inc.},
    doi = {10.1016/j.jvoice.2014.09.014},
    issn = {18734588},
    pmid = {25795355},
    keywords = {Acoustic analysis, Jazz, Singing formant, Singing style, Singing voice, Vibrato, Western operatic}
}

@article{K.R2016AutomaticSurvey,
    title = {{Automatic Speech Recognition using different Neural Network Architectures – A Survey}},
    year = {2016},
    journal = {International Journal of Computer Science and Information Technologies},
    author = {K.R, Lekshmi and Elizabeth, Sherly},
    month = {11},
    pages = {2422--2427},
    volume = {7(6)}
}

@misc{AWSServices,
    title = {{AWS Identity {\&} Access Management - Amazon Web Services}},
    url = {https://aws.amazon.com/iam/}
}

@misc{AWSPartners,
    title = {{AWS Security Competency Partners}},
    url = {https://aws.amazon.com/security/partner-solutions/?nc=sn&loc=8}
}

@misc{AzureAzure,
    title = {{Azure Kubernetes Service (AKS) | Microsoft Azure}},
    url = {https://azure.microsoft.com/en-gb/services/kubernetes-service/}
}

@misc{BBCSpace,
    title = {{BBC Sound Effects - Research {\&} Education Space}},
    url = {http://bbcsfx.acropolis.org.uk/}
}

@article{Chauhan2019BrokeringSurvey,
    title = {{Brokering in interconnected cloud computing environments: A survey}},
    year = {2019},
    journal = {Journal of Parallel and Distributed Computing},
    author = {Chauhan, Sameer Singh and Pilli, Emmanuel S. and Joshi, R. C. and Singh, Girdhari and Govil, M. C.},
    doi = {10.1016/j.jpdc.2018.08.001},
    issn = {07437315},
    keywords = {Cloud broker, Cloud computing, Federated cloud, Hybrid cloud, Inter-cloud, Multi-cloud}
}

@article{Bhardwaj2010Cloud,
    title = {{Cloud Computing : a Study of Infrastructure As a Service ( Iaas )}},
    year = {2010},
    journal = {International Journal of Engineering},
    author = {Bhardwaj, Sushil and Jain, Leena and Jain, Sandeep},
    number = {1},
    pages = {60--63},
    volume = {2},
    url = {http://ijeit.org/index_files/vol2no1/CLOUD COMPUTING A STUDY OF.pdf},
    isbn = {0975-5292},
    issn = {0976-0253},
    keywords = {cloud computing, control over, expertise, iaas, no longer have need, paas, saas},
    language = {en}
}

@misc{CloudS3,
    title = {{Cloud Object Storage | Store {\&} Retrieve Data Anywhere | Amazon Simple Storage Service (S3)}},
    url = {https://aws.amazon.com/s3/?nc=sn&loc=0}
}

@misc{CloudAWS,
    title = {{Cloud Security – Amazon Web Services (AWS)}},
    url = {https://aws.amazon.com/security/}
}

@article{Rountree2014CloudModels,
    title = {{Cloud Service Models}},
    year = {2014},
    journal = {The Basics of Cloud Computing},
    author = {Rountree, Derrick and Castrillo, Ileana and Rountree, Derrick and Castrillo, Ileana},
    month = {1},
    pages = {49--94},
    publisher = {Syngress},
    url = {https://www.sciencedirect.com/science/article/pii/B9780124059320000049},
    isbn = {978-0-12-405932-0},
    doi = {10.1016/B978-0-12-405932-0.00004-9}
}

@misc{ComputeCloud,
    title = {{Compute Engine: Virtual Machines (VMs)  |  Google Cloud}},
    url = {https://cloud.google.com/compute}
}

@article{Pahl2015ContainerizationCloud,
    title = {{Containerization and the PaaS Cloud}},
    year = {2015},
    journal = {IEEE Cloud Computing},
    author = {Pahl, C},
    number = {3},
    pages = {24--31},
    volume = {2},
    doi = {10.1109/MCC.2015.51},
    issn = {2325-6095 VO  - 2},
    keywords = {Computer architecture, Containerization, Docker, File systems, Kubernetes, Linux, PaaS, PaaS cloud, Packaging, Virtualization, application packaging mechanism, cloud, cloud computing, cluster, container, containerization, distributed multicloud platform, distributed processing, lightweight virtualization solution, multicloud, platform-as-a-service, virtual machine, virtual machines, virtualisation, virtualization}
}

@misc{ContentCloudFront,
    title = {{Content Delivery Network (CDN) | Low Latency, High Transfer Speeds, Video Streaming | Amazon CloudFront}},
    url = {https://aws.amazon.com/cloudfront/?nc2=h_ql_sol_use_cd}
}

@article{Dahl2012Context-dependentRecognition,
    title = {{Context-dependent pre-trained deep neural networks for large-vocabulary speech recognition}},
    year = {2012},
    journal = {IEEE Transactions on Audio, Speech and Language Processing},
    author = {Dahl, George E. and Yu, Dong and Deng, Li and Acero, Alex},
    number = {1},
    pages = {30--42},
    volume = {20},
    doi = {10.1109/TASL.2011.2134090},
    issn = {15587916},
    keywords = {Artificial neural network-hidden Markov model (ANN-HMM), context-dependent phone, deep belief network, deep neural network hidden Markov model (DNN-HMM), large-vocabulary speech recognition (LVSR), speech recognition}
}

@inproceedings{Newatia2018ConvolutionalASR,
    title = {{Convolutional Neural Network for ASR}},
    year = {2018},
    booktitle = {Proceedings of the 2nd International Conference on Electronics, Communication and Aerospace Technology, ICECA 2018},
    author = {Newatia, Sourav and Aggarwal, R. K.},
    month = {9},
    pages = {638--642},
    publisher = {Institute of Electrical and Electronics Engineers Inc.},
    isbn = {9781538609651},
    doi = {10.1109/ICECA.2018.8474688},
    keywords = {Convolutional Neural networks, Hidden Markov model, Speech Recognition, pooling}
}

@article{Laguarta2020COVID-19Recordings,
    title = {{COVID-19 Artificial Intelligence Diagnosis using only Cough Recordings}},
    year = {2020},
    journal = {IEEE Open Journal of Engineering in Medicine and Biology},
    author = {Laguarta, Jordi and Hueto, Ferran and Subirana, Brian},
    month = {9},
    pages = {1--1},
    publisher = {Institute of Electrical and Electronics Engineers (IEEE)},
    doi = {10.1109/ojemb.2020.3026928}
}

@inproceedings{Mohamed2011DeepRecognition,
    title = {{Deep belief networks using discriminative features for phone recognition}},
    year = {2011},
    booktitle = {ICASSP, IEEE International Conference on Acoustics, Speech and Signal Processing - Proceedings},
    author = {Mohamed, Abdel Rahman and Sainath, Tara N. and Dahl, George and Ramabhadran, Bhuvana and Hinton, Geoffrey E. and Picheny, Michael A.},
    pages = {5060--5063},
    isbn = {9781457705397},
    doi = {10.1109/ICASSP.2011.5947494},
    issn = {15206149},
    keywords = {Deep belief networks, Discriminative feature transformation, Phone recognition}
}

@misc{Schmidhuber2015DeepOverview,
    title = {{Deep Learning in neural networks: An overview}},
    year = {2015},
    booktitle = {Neural Networks},
    author = {Schmidhuber, Jürgen},
    month = {1},
    pages = {85--117},
    volume = {61},
    publisher = {Elsevier Ltd},
    doi = {10.1016/j.neunet.2014.09.003},
    issn = {18792782},
    pmid = {25462637},
    arxivId = {1404.7828},
    keywords = {Deep learning, Evolutionary computation, Reinforcement learning, Supervised learning, Unsupervised learning}
}

@book{Mulgrew1999DigitalProcessing,
    title = {{Digital Signal Processing}},
    year = {1999},
    author = {Mulgrew, Bernard and Grant, Peter and Thompson, John},
    publisher = {Macmillan Education UK},
    url = {http://link.springer.com/10.1007/978-1-349-14944-5},
    address = {London},
    isbn = {978-0-333-74531-1},
    doi = {10.1007/978-1-349-14944-5}
}

@book{Ifeachor2002DigitalApproach,
    title = {{Digital signal processing: a practical approach}},
    year = {2002},
    author = {Ifeachor, Emmanuel C and Jervis, Barrie W},
    publisher = {Pearson Education},
    isbn = {0201596199}
}

@inproceedings{Liu1993EfficientRecognition,
    title = {{Efficient cepstral normalization for robust speech recognition}},
    year = {1993},
    booktitle = {Proceedings of the workshop on Human Language Technology  - HLT '93},
    author = {Liu, Fu-Hua and Stern, Richard M. and Huang, Xuedong and Acero, Alejandro},
    pages = {69},
    publisher = {Association for Computational Linguistics (ACL)},
    url = {http://portal.acm.org/citation.cfm?doid=1075671.1075688},
    address = {Morristown, NJ, USA},
    doi = {10.3115/1075671.1075688}
}

@article{Green2017EigenScape:Recordings,
    title = {{EigenScape: A Database of Spatial Acoustic Scene Recordings}},
    year = {2017},
    journal = {Applied Sciences},
    author = {Green, Marc Ciufo and Murphy, Damian},
    number = {11},
    month = {11},
    pages = {1204},
    volume = {7},
    publisher = {MDPI AG},
    url = {http://www.mdpi.com/2076-3417/7/11/1204},
    doi = {10.3390/app7111204},
    issn = {2076-3417},
    keywords = {Acoustic environment, Acoustic scene, Ambisonics, Dataset, Eigenmike, Machine learning, Recordings, Soundscape, Spatial audio}
}

@misc{ElasticServices,
    title = {{Elastic Load Balancing - Amazon Web Services}},
    url = {https://aws.amazon.com/elasticloadbalancing/}
}

@article{Algazi2001ElevationFrequencies,
    title = {{Elevation localization and head-related transfer function analysis at low frequencies}},
    year = {2001},
    journal = {The Journal of the Acoustical Society of America},
    author = {Algazi, V. Ralph and Avendano, Carlos and Duda, Richard O.},
    number = {3},
    month = {3},
    volume = {109},
    doi = {10.1121/1.1349185},
    issn = {0001-4966}
}

@misc{EmpoweringDocker,
    title = {{Empowering App Development for Developers | Docker}},
    url = {https://www.docker.com/}
}

@inproceedings{Bahdanau2016End-to-endRecognition,
    title = {{End-to-end attention-based large vocabulary speech recognition}},
    year = {2016},
    booktitle = {ICASSP, IEEE International Conference on Acoustics, Speech and Signal Processing - Proceedings},
    author = {Bahdanau, Dzmitry and Chorowski, Jan and Serdyuk, Dmitriy and Brakel, Philemon and Bengio, Yoshua},
    month = {5},
    pages = {4945--4949},
    volume = {2016-May},
    publisher = {Institute of Electrical and Electronics Engineers Inc.},
    isbn = {9781479999880},
    doi = {10.1109/ICASSP.2016.7472618},
    issn = {15206149},
    arxivId = {1508.04395},
    keywords = {ASR, LVCSR, attention, neural networks, speech recognition}
}

@inproceedings{Laniepce2013EngineeringHypervisor,
    title = {{Engineering Intrusion Prevention Services for IaaS Clouds: The Way of the Hypervisor}},
    year = {2013},
    booktitle = {2013 IEEE Seventh International Symposium on Service-Oriented System Engineering},
    author = {Laniepce, S and Lacoste, M and Kassi-Lahlou, M and Bignon, F and Lazri, K and Wailly, A},
    pages = {25--36},
    isbn = {VO  -},
    doi = {10.1109/SOSE.2013.27},
    keywords = {Cloud Computing, Computer architecture, Context, Hypervisor, IaaS clouds, Intrusion Detection Services, Intrusion Prevention Services, Monitoring, Security, Software, VM Introspection, Virtual machine monitors, Virtualization, cloud adoption, cloud computing, cloud context, cloud hosted IT system, cloud infrastructure security, cloud provider, engineering intrusion prevention service, host based security monitoring, hypervisor, integrated security monitoring, intrusion detection, intrusion monitoring service, security monitoring service, security of data, strong user expectation, user execution context, user virtual machines security, virtual machines}
}

@misc{EvolutionaryTopics,
    title = {{Evolutionary Algorithms - an overview | ScienceDirect Topics}},
    url = {https://www.sciencedirect.com/topics/computer-science/evolutionary-algorithms}
}

@book{Wierzbicki2009FilmHistory,
    title = {{Film music: A history}},
    year = {2009},
    booktitle = {Film Music: A History},
    author = {Wierzbicki, James},
    pages = {1--312},
    isbn = {9781135851439},
    doi = {10.4324/9780203884478}
}

@article{2003FiniteDesign,
    title = {{Finite impulse response filter design}},
    year = {2003},
    month = {1},
    pages = {98--144},
    publisher = {Newnes},
    isbn = {978-0-7506-5798-3},
    doi = {10.1016/B978-075065798-3/50006-0}
}

@inproceedings{Eyben2009FromASR,
    title = {{From speech to letters - using a novel neural network architecture for grapheme based ASR}},
    year = {2009},
    booktitle = {Proceedings of the 2009 IEEE Workshop on Automatic Speech Recognition and Understanding, ASRU 2009},
    author = {Eyben, Florian and W{\"{o}}llmer, Martin and Schuller, Björn and Graves, Alex},
    pages = {376--380},
    isbn = {9781424454792},
    doi = {10.1109/ASRU.2009.5373257}
}

@misc{GEducation,
    title = {{G Suite for Education | Google for Education}},
    url = {https://edu.google.com/intl/en_uk/products/gsuite-for-education/}
}

@misc{GoogleStore,
    title = {{Google Nest smart speakers and displays – Google Store}},
    url = {https://store.google.com/gb/magazine/compare_nest_speakers_displays}
}

@misc{HammingWindow,
    title = {{Hamming Window}},
    url = {https://ccrma.stanford.edu/~jos/sasp/Hamming_Window.html}
}

@article{Bojkovic2017HammingWorld,
    title = {{Hamming Window to the Digital World}},
    year = {2017},
    journal = {Proceedings of the IEEE},
    author = {Bojkovic, Z S and Bakmaz, B M and Bakmaz, M R},
    number = {6},
    pages = {1185--1190},
    volume = {105},
    doi = {10.1109/JPROC.2017.2697118},
    issn = {1558-2256 VO  - 105},
    keywords = {30th jubilee IEEE medal, Encoding, Hamming code, Hamming distance, Hamming metric, Hamming numbers, Hamming window, History, Information science, Information theory, Shannon mathematical theory, channel capacity, coding, coding theory, computer design, computer technology, digital world, entropy, error correction codes, error-correcting codes, error-detection, hamming window, information sciences, information systems, information theory, mathematical analysis, sphere packing}
}

@misc{HomePodUK,
    title = {{HomePod - Apple (UK)}},
    url = {https://www.apple.com/uk/homepod/}
}

@misc{HowNews,
    title = {{How to explain vertical and horizontal scaling in the cloud - Cloud computing news}},
    url = {https://www.ibm.com/blogs/cloud-computing/2014/04/09/explain-vertical-horizontal-scaling-cloud/}
}

@misc{HowHagiwara,
    title = {{How to read a spectrogram - Rob Hagiwara}},
    url = {http://home.cc.umanitoba.ca/~robh/howto.html}
}

@misc{HowHagiwarab,
    title = {{How to read a spectrogram - Rob Hagiwara}},
    url = {https://home.cc.umanitoba.ca/~robh/howto.html}
}

@article{Aussal2012HRTFHarmonics,
    title = {{HRTF interpolation and ITD personalization for binaural synthesis using spherical harmonics}},
    year = {2012},
    journal = {Audio Engineering Society Conference: UK 25th Conference: Spatial Audio in Today’s 3D World},
    author = {Aussal, Matthieu and Alouges, François and Katz, Brian},
    month = {3},
    pages = {10},
    publisher = {Audio Engineering Society},
    url = {http://www.aes.org/e-lib/browse.cfm?elib=18111}
}

@inproceedings{Kozlovszky2013IaaSMonitoring,
    title = {{IaaS type Cloud infrastructure assessment and monitoring}},
    year = {2013},
    booktitle = {2013 36th International Convention on Information and Communication Technology, Electronics and Microelectronics (MIPRO)},
    author = {Kozlovszky, M and T{\"{o}}r{\H{o}}csik, M and Schubert, T and P{\'{o}}sern{\'{e}}, V},
    pages = {249--252},
    isbn = {VO  -}
}

@techreport{SwarupImprovingEmbeddings,
    title = {{Improving ASR confidence scores for Alexa using acoustic and hypothesis embeddings}},
    author = {Swarup, Prakhar and Maas, Roland and Garimella, Sri and Mallidi, Harish and Hoffmeister, Björn},
    url = {https://nlp.stanford.edu/projects/glove/.},
    keywords = {Index Terms, confidence measure, speech recognition}
}

@article{Hinton2012ImprovingDetectors,
    title = {{Improving neural networks by preventing co-adaptation of feature detectors}},
    year = {2012},
    author = {Hinton, Geoffrey E. and Srivastava, Nitish and Krizhevsky, Alex and Sutskever, Ilya and Salakhutdinov, Ruslan R.},
    month = {7},
    url = {http://arxiv.org/abs/1207.0580},
    arxivId = {1207.0580}
}

@misc{Binelli2018IndividualizedHMDs,
    title = {{Individualized HRTF for Playing VR Videos with Ambisonics Spatial Audio on HMDs}},
    year = {2018},
    author = {Binelli, Marco and Pinardi, Daniel and Nili, Tiziano and Farina, Angelo},
    month = {8},
    publisher = {Audio Engineering Society}
}

@article{McKenzie2019InterauralRendering,
    title = {{Interaural level difference optimization of binaural ambisonic rendering}},
    year = {2019},
    journal = {Applied Sciences (Switzerland)},
    author = {McKenzie, Thomas and Murphy, Damian T. and Kearney, Gavin},
    number = {6},
    volume = {9},
    publisher = {MDPI AG},
    doi = {10.3390/app9061226},
    issn = {20763417},
    keywords = {Ambisonics, Binaural Ambisonic rendering, Binaural synthesis, Interaural level difference, Virtual loudspeaker}
}

@misc{IntroducingRoom,
    title = {{Introducing the All-New Echo Family—Reimagined, Inside and Out | Amazon.com, Inc. - Press Room}},
    url = {https://press.aboutamazon.com/news-releases/news-release-details/introducing-all-new-echo-family-reimagined-inside-and-out}
}

@misc{IntroductionDocs,
    title = {{Introduction to Azure Cosmos DB | Microsoft Docs}},
    url = {https://docs.microsoft.com/en-us/azure/cosmos-db/introduction}
}

@article{Cheng2001IntroductionSpace,
    title = {{Introduction to Head-Related Transfer Functions (HRTFs): Representations of HRTFs in Time, Frequency, and Space}},
    year = {2001},
    journal = {Journal of the Audio Engineering Society},
    author = {Cheng, Corey I. and Wakefield, Gregory H.},
    number = {4},
    month = {4},
    pages = {231--249},
    volume = {49},
    publisher = {Audio Engineering Society}
}

@inproceedings{Knill2013InvestigationDetection,
    title = {{Investigation of multilingual deep neural networks for spoken term detection}},
    year = {2013},
    booktitle = {2013 IEEE Workshop on Automatic Speech Recognition and Understanding, ASRU 2013 - Proceedings},
    author = {Knill, K. M. and Gales, M. J.F. and Rath, S. P. and Woodland, P. C. and Zhang, C. and Zhang, S. X.},
    pages = {138--143},
    isbn = {9781479927562},
    doi = {10.1109/ASRU.2013.6707719},
    keywords = {Multilingual, keyword search, neural networks, speech recognition, spoken term detection}
}

@misc{IPAChart,
    title = {{IPA Chart}},
    url = {https://www.ipachart.com/}
}

@misc{InternationalPhoneticAssociationIPA:Association,
    title = {{IPA: vowels | International Phonetic Association}},
    author = {{International Phonetic Association}},
    url = {https://www.internationalphoneticassociation.org/content/ipa-vowels}
}

@article{Buchholz2018LocalizationCoherence,
    title = {{Localization of broadband sounds carrying interaural time differences: Effects of frequency, reference location, and interaural coherence}},
    year = {2018},
    journal = {Citation: The Journal of the Acoustical Society of America},
    author = {Buchholz, Jörg M and Goff, Nicolas Le and Dau, Torsten},
    pages = {2225},
    volume = {144},
    url = {https://doi.org/10.1121/1.5058776},
    doi = {10.1121/1.5058776}
}

@article{Wenzel1993LocalizationFunctions,
    title = {{Localization using nonindividualized head-related transfer functions}},
    year = {1993},
    journal = {Journal of the Acoustical Society of America},
    author = {Wenzel, Elizabeth M. and Arruda, Marianne and Kistler, Doris J. and Wightman, Frederic L.},
    number = {1},
    month = {7},
    pages = {111--123},
    volume = {94},
    publisher = {Acoustical Society of AmericaASA},
    url = {http://asa.scitation.org/doi/10.1121/1.407089},
    doi = {10.1121/1.407089},
    issn = {NA},
    pmid = {8354753}
}

@misc{MainAI,
    title = {{Main Types of Neural Networks and its Applications - Tutorial - Towards AI}},
    url = {https://medium.com/towards-artificial-intelligence/main-types-of-neural-networks-and-its-applications-tutorial-734480d7ec8e}
}

@misc{NetflixComputerworld,
    title = {{Netflix guts data center in shift to cloud | Computerworld}},
    url = {https://www.computerworld.com/article/2492351/netflix-guts-data-center-in-shift-to-cloud.html}
}

@misc{NeuralArchitecture,
    title = {{Neural Networks - Architecture}},
    url = {https://cs.stanford.edu/people/eroberts/courses/soco/projects/neural-networks/Architecture/feedforward.html}
}

@article{Gevaert2010NeuralRecognition,
    title = {{Neural networks used for speech recognition}},
    year = {2010},
    journal = {Journal of Automatic Control},
    author = {Gevaert, Wouter and Tsenov, Georgi and Mladenov, Valeri},
    number = {1},
    pages = {1--7},
    volume = {20},
    publisher = {National Library of Serbia},
    doi = {10.2298/jac1001001g},
    issn = {1450-9903}
}

@article{Harris1978OnTransform,
    title = {{On the use of windows for harmonic analysis with the discrete Fourier transform}},
    year = {1978},
    journal = {Proceedings of the IEEE},
    author = {Harris, F J},
    number = {1},
    pages = {51--83},
    volume = {66},
    doi = {10.1109/PROC.1978.10837},
    issn = {1558-2256 VO  - 66},
    keywords = {Discrete Fourier transforms, Fourier transforms, Frequency, Harmonic analysis, Oceans, Parameter estimation, Signal processing, Signal resolution, Signal sampling, Smoothing methods}
}

@article{Eernisse2016OvercomingCommons,
    title = {{Overcoming technical and musical challenges for the oboe using Overcoming technical and musical challenges for the oboe using excerpts from orchestral and solo repertoire excerpts from orchestral and solo repertoire Part of the Music Commons}},
    year = {2016},
    author = {Eernisse, Elliot Adam},
    url = {https://doi.org/10.17077/etd.dgcwkot3Followthisandadditionalworksat:https://ir.uiowa.edu/etd},
    doi = {10.17077/etd.dgcwkot3},
    keywords = {Oboe}
}

@article{Cohen2013PaaS:Development,
    title = {{PaaS: New Opportunities for Cloud Application Development}},
    year = {2013},
    journal = {Computer},
    author = {Cohen, B},
    number = {9},
    pages = {97--100},
    volume = {46},
    doi = {10.1109/MC.2013.323},
    issn = {1558-0814 VO - 46},
    keywords = {Cloud computing, Computer applications, Java, PaaS, Standards, application development, business data processing, cloud application development, cloud computing, cloud software development, cloud technology, customer services, enterprise customers, platform as a service}
}

@article{Usher2007PerceivedHRTFs,
    title = {{Perceived Naturalness Of Speech Sounds Presented Using Personalized Versus Non-personalized HRTFs}},
    year = {2007},
    journal = {13th International Conference on Auditory Display},
    author = {Usher, John and Martens, William L},
    pages = {10--16},
    url = {https://www.researchgate.net/publication/228586585_Perceived_naturalness_of_speech_sounds_presented_using_personalized_versus_non-personalized_HRTFs},
    keywords = {auditory scene analysis, experience is a measure, hrtf, ild, individualization, naturalness, naturalness in audio is, of a sound listening, of how perceptually, personalization, related to sound fidelity, the fidelity}
}

@inproceedings{Wang2016PerformabilityCenter,
    title = {{Performability Analysis for IaaS Cloud Data Center}},
    year = {2016},
    booktitle = {2016 17th International Conference on Parallel and Distributed Computing, Applications and Technologies (PDCAT)},
    author = {Wang, T and Chang, X and Liu, B},
    pages = {91--94},
    isbn = {VO  -},
    doi = {10.1109/PDCAT.2016.033},
    keywords = {Analytical models, Cloud Computing, Cloud computing, Computational modeling, Data models, Delays, Fault Tolerant, IaaS, IaaS CDC, IaaS cloud data center, IaaS cloud performability analysis, Maintenance engineering, Markov processes, Numerical models, PM migration, Performality, Queuing Theory, active physical machines, analytic modeling, cloud computing, computer centres, continuous time Markov chain, infrastructure as a service, monolithic CTMC model, monolithic model, scalable approximate model, standby physical machines, state transition rules, virtual machines}
}

@misc{Bonada2009PerformanceVoice,
    title = {{Performance Analysis and Scoring of the Singing Voice}},
    year = {2009},
    author = {Bonada, Jordi and Loscos, Alex and Mayor, Oscar},
    month = {2},
    publisher = {Audio Engineering Society}
}

@article{Johnson-Read2015PerformingSingers,
    title = {{Performing Lieder: Expert Perspectives and Comparison of Vibrato and Singer's Formant With Opera Singers}},
    year = {2015},
    journal = {Journal of Voice},
    author = {Johnson-Read, Lynette and Chmiel, Anthony and Schubert, Emery and Wolfe, Joe},
    number = {5},
    month = {9},
    pages = {15--645},
    volume = {29},
    publisher = {Mosby Inc.},
    doi = {10.1016/j.jvoice.2014.10.020},
    issn = {18734588},
    pmid = {25873544},
    keywords = {Expert panel, Lieder, Opera, Singer's formant, Singing, Vibrato extent, Vibrato onset, Vibrato rate}
}

@article{Lee2018PersonalizedEar,
    title = {{Personalized HRTF modeling based on deep neural network using anthropometric measurements and images of the ear}},
    year = {2018},
    journal = {Applied Sciences (Switzerland)},
    author = {Lee, Geon Woo and Kim, Hong Kook},
    number = {11},
    month = {11},
    pages = {2180},
    volume = {8},
    publisher = {MDPI AG},
    url = {http://www.mdpi.com/2076-3417/8/11/2180},
    doi = {10.3390/app8112180},
    issn = {20763417},
    keywords = {Anthropometric measurement, Audio rendering, Convolutional neural network, Deep neural network, Ear image, Head-related transfer function, Personalization, Sound localization}
}

@article{Timmers2005PredictingDynamics,
    title = {{Predicting the similarity between expressive performances of music from measurements of tempo and dynamics}},
    year = {2005},
    journal = {The Journal of the Acoustical Society of America},
    author = {Timmers, Renee},
    number = {1},
    month = {1},
    pages = {391--399},
    volume = {117},
    publisher = {Acoustical Society of America (ASA)},
    url = {http://asa.scitation.org/doi/10.1121/1.1835504},
    doi = {10.1121/1.1835504},
    issn = {0001-4966},
    pmid = {15704432},
    keywords = {acoustic analysis, musical acoustics}
}

@misc{Rackspace:Services,
    title = {{Rackspace: Managed Dedicated {\&} Cloud Computing Services}},
    url = {https://www.rackspace.com/}
}

@article{Duda1998RangeModel,
    title = {{Range dependence of the response of a spherical head model}},
    year = {1998},
    journal = {The Journal of the Acoustical Society of America},
    author = {Duda, Richard O. and Martens, William L.},
    number = {5},
    month = {11},
    pages = {3048--3058},
    volume = {104},
    publisher = {Acoustical Society of America (ASA)},
    url = {http://asa.scitation.org/doi/10.1121/1.423886},
    doi = {10.1121/1.423886},
    issn = {0001-4966},
    keywords = {hearing}
}

@misc{RecurrentScience,
    title = {{Recurrent Neural Networks. Remembering what’s important | by Mahendran Venkatachalam | Towards Data Science}},
    url = {https://towardsdatascience.com/recurrent-neural-networks-d4642c9bc7ce}
}

@misc{Manvi2014ResourceSurvey,
    title = {{Resource management for Infrastructure as a Service (IaaS) in cloud computing: A survey}},
    year = {2014},
    booktitle = {Journal of Network and Computer Applications},
    author = {Manvi, Sunilkumar S. and Krishna Shyam, Gopal},
    number = {1},
    pages = {424--440},
    volume = {41},
    doi = {10.1016/j.jnca.2013.10.004},
    issn = {10958592},
    keywords = {Cloud computing, Resource management}
}

@misc{SADIEEntertainment,
    title = {{SADIE | Spatial Audio For Domestic Interactive Entertainment}},
    url = {https://www.york.ac.uk/sadie-project/ambidec.html}
}

@article{Venayagamoorthy1998ScholarsNETWORKS,
    title = {{Scholars' Mine Voice Recognition using Neural Networks VOICE RECOGNITION USING NEURAL NETWORKS}},
    year = {1998},
    author = {Venayagamoorthy, Ganesh K and Moonasar Sandrasegaran, Viresh K and Moonasar, Viresh and Sandrasegaran, Kumbes and Sandrasegaran, K and ac nz, massey},
    publisher = {Institute of Electrical and Electronics Engineers},
    url = {http://scholarsmine.mst.edu/ele_comeng_facwork http://dx.doi.org/10.1109/COMSIG.1998.736916},
    doi = {10.1109/COMSIG.1998.736916},
    keywords = {Backpropagation, Behavioural Characteristics, Biometric Techniques, Biometrics (Access Control), Crime, Illegal Immigration, Neural Nets, Neural Networks, Physiological Characteristics, Self Organizing Maps, South Africa, Speaker Recognition, Voice Equipm}
}

@article{Barrowclough2018SecuringCountermeasures,
    title = {{Securing Cloud Hypervisors: A Survey of the Threats, Vulnerabilities, and Countermeasures}},
    year = {2018},
    journal = {Security and Communication Networks},
    author = {Barrowclough, John Patrick and Asif, Rameez},
    editor = {Zeadally, Sherali},
    pages = {1681908},
    volume = {2018},
    publisher = {Hindawi},
    url = {https://doi.org/10.1155/2018/1681908},
    doi = {10.1155/2018/1681908},
    issn = {1939-0114}
}

@article{Dipert1976Set-TheoreticalAnalysis,
    title = {{Set-Theoretical Music Analysis}},
    year = {1976},
    journal = {The Journal of Aesthetics and Art Criticism},
    author = {Dipert, Randall R. and Whelden, R. M.},
    number = {1},
    month = {23},
    pages = {15},
    volume = {35},
    publisher = {JSTOR},
    doi = {10.2307/430841},
    issn = {00218529}
}

@article{Oja1982SimplifiedAnalyzer,
    title = {{Simplified neuron model as a principal component analyzer}},
    year = {1982},
    journal = {Journal of Mathematical Biology},
    author = {Oja, Erkki},
    number = {3},
    pages = {267--273},
    volume = {15},
    publisher = {Springer-Verlag},
    url = {https://link.springer.com/article/10.1007/BF00275687},
    doi = {10.1007/BF00275687},
    issn = {14321416},
    pmid = {7153672},
    keywords = {Neuron models, Stochastic approximation, Synaptic plasticity}
}

@techreport{Regnier2009SingingDetection,
    title = {{Singing Voice Detection in Music Tracks using Direct Voice Vibrato Detection}},
    year = {2009},
    booktitle = {ICASSP},
    author = {Regnier, Lise and Peeters, Geoffroy and Regnier, L and Peeters, G},
    url = {https://hal.archives-ouvertes.fr/hal-00662312},
    keywords = {()}
}

@book{Rumsey2001SpatialAudio,
    title = {{Spatial Audio}},
    year = {2001},
    author = {Rumsey, F},
    series = {Music technology series},
    publisher = {Focal Press},
    url = {https://books.google.co.uk/books?id=xj5AIGmS-RcC},
    isbn = {9780240516233}
}

@article{Rumsey2014SpatialChallenges,
    title = {{Spatial Audio: Binaural Challenges}},
    year = {2014},
    journal = {Journal of the Audio Engineering Society},
    author = {Rumsey, Francis},
    number = {11},
    month = {12},
    pages = {798--802},
    volume = {62},
    publisher = {Audio Engineering Society}
}

@book{Smith2011SpectralProcessing,
    title = {{Spectral Audio Signal Processing}},
    year = {2011},
    booktitle = {Center for Computer Research in Music and Acoustics (CCRMA)},
    author = {Smith, Julius O.},
    pages = {1--674},
    url = {https://ccrma.stanford.edu/~jos/sasp/ http://books.w3k.org/},
    isbn = {978-0-9745607-3-1},
    keywords = {FFTs, windowing, windows, zero padding}
}

@techreport{Arvanitidis2014SpectralSignals,
    title = {{Spectral Modelling for Transformation and Separation of Audio Signals}},
    year = {2014},
    author = {Arvanitidis, Thomas}
}

@techreport{Loscos2007SPECTRALVOICE,
    title = {{SPECTRAL PROCESSING OF THE SINGING VOICE}},
    year = {2007},
    author = {Loscos, Alex},
    url = {http://shf.ircam.fr/}
}

@misc{SpeechHearing,
    title = {{Speech and Hearing}},
    url = {http://spandh.dcs.shef.ac.uk/research/lvcsr.html}
}

@article{Al-Alaoui2008SpeechModels,
    title = {{Speech Recognition using Artificial Neural Networks and Hidden Markov Models}},
    year = {2008},
    journal = {IEEE MULTIDISCIPLINARY ENGINEERING EDUCATION MAGAZINE},
    author = {Al-Alaoui, Mohamad Adnan and Al-Kanj, Lina and Azar, Jimmy and Yaacoub, Elias},
    number = {3},
    volume = {3},
    url = {http://www.ieee.org/edsocsac},
    issn = {1558-7908}
}

@article{Nassif2019SpeechReview,
    title = {{Speech Recognition Using Deep Neural Networks: A Systematic Review}},
    year = {2019},
    journal = {IEEE Access},
    author = {Nassif, Ali Bou and Shahin, Ismail and Attili, Imtinan and Azzeh, Mohammad and Shaalan, Khaled},
    pages = {19143--19165},
    volume = {7},
    publisher = {Institute of Electrical and Electronics Engineers Inc.},
    doi = {10.1109/ACCESS.2019.2896880},
    issn = {21693536},
    keywords = {Speech recognition, deep neural network, systematic review}
}

@misc{Surround3,
    title = {{Surround Sound Explained: Part 3}},
    url = {https://www.soundonsound.com/techniques/surround-sound-explained-part-3}
}

@misc{TechniquesWiley,
    title = {{Techniques for Noise Robustness in Automatic Speech Recognition | Wiley}},
    url = {https://www.wiley.com/en-gb/Techniques+for+Noise+Robustness+in+Automatic+Speech+Recognition-p-9781119970880}
}

@techreport{DriedgerTEMPLATE-BASEDSIGNALS,
    title = {{TEMPLATE-BASED VIBRATO ANALYSIS OF MUSIC SIGNALS}},
    author = {Driedger, Jonathan and Balke, Stefan and Ewert, Sebastian and Uller, Meinard M ¨}
}

@article{Bowen1996TempoPerformance,
    title = {{Tempo, duration, and flexibility: Techniques in the analysis of performance}},
    year = {1996},
    journal = {Journal of Musicological Research},
    author = {Bowen, José Antonio},
    number = {2},
    pages = {111--156},
    volume = {16},
    publisher = {Taylor {\&} Francis Group},
    url = {https://www.tandfonline.com/doi/abs/10.1080/01411899608574728},
    doi = {10.1080/01411899608574728},
    issn = {01411896}
}

@article{Wightman1992TheLocalization,
    title = {{The dominant role of low‐frequency interaural time differences in sound localization}},
    year = {1992},
    journal = {The Journal of the Acoustical Society of America},
    author = {Wightman, Frederic L. and Kistler, Doris J.},
    number = {3},
    month = {3},
    volume = {91},
    doi = {10.1121/1.402445},
    issn = {0001-4966}
}

@article{Leijnen2020TheZoo,
    title = {{The Neural Network Zoo}},
    year = {2020},
    journal = {Proceedings 2020, Vol. 47, Page 9},
    author = {Leijnen, Stefan and Van Veen, Fjodor},
    number = {1},
    month = {5},
    pages = {9},
    volume = {47},
    publisher = {Multidisciplinary Digital Publishing Institute},
    url = {www.mdpi.com/journal/proceedings},
    doi = {10.3390/proceedings2020047009},
    keywords = {artificial intelligence, connectionism, deep learning, neural information processing, neural network architectures, neural networks}
}

@misc{TheInstitute,
    title = {{The Neural Network Zoo - The Asimov Institute}},
    url = {https://www.asimovinstitute.org/neural-network-zoo/}
}

@techreport{MellTheTechnology,
    title = {{The NIST Definition of Cloud Computing Recommendations of the National Institute of Standards and Technology}},
    author = {Mell, Peter and Grance, Timothy},
    doi = {10.6028/NIST.SP.800-145},
    keywords = {Cloud Computing, IaaS, Infrastructure as a Service, Measured Service, NIST SP 800-145, On-demand Self Service, PaaS, Platform as a Service, Rapid Elasticity, Reserve Pooling, SaaS, Software as a Service, The NIST Definition of Cloud Computing}
}

@article{Sun2019ThermalEvaluation,
    title = {{Thermal modulation of nonlinear ultrasonic wave for concrete damage evaluation}},
    year = {2019},
    journal = {Citation: The Journal of the Acoustical Society of America},
    author = {Sun, Hongbin and Zhu, Jinying},
    pages = {405},
    volume = {145},
    url = {https://doi.org/10.1121/1.5108532},
    doi = {10.1121/1.5108532}
}

@article{Duvvuru2012UTHSCCitation,
    title = {{UTHSC Digital Commons The Effect of Timbre and Vibrato on Vocal Pitch Matching Accuracy Recommended Citation}},
    year = {2012},
    author = {Duvvuru, Sirisha},
    url = {http://dx.doi.org/10.21007/etd.cghs.2012.0076.},
    doi = {10.21007/etd.cghs.2012.0076}
}

@misc{WhatGlossary,
    title = {{What is a Hypervisor? | VMware Glossary}},
    url = {https://www.vmware.com/topics/glossary/content/hypervisor}
}

@misc{WhatAzure,
    title = {{What is PaaS? Platform as a Service | Microsoft Azure}},
    url = {https://azure.microsoft.com/en-gb/overview/what-is-paas/}
}

@misc{WhoComputerworld,
    title = {{Who rules the UK cloud market? AWS vs Azure vs Google Cloud | Computerworld}},
    url = {https://www.computerworld.com/article/3521035/who-rules-the-uk-cloud-market-aws-vs-azure-vs-google-cloud.html}
}